<record><leader>00000cas a22000007a 4500</leader><controlfield tag="001">14515375</controlfield><controlfield tag="008">861024d18661870pauwr ne      0    0eng d</controlfield><datafield ind1=" " ind2=" " tag="010"><subfield code="a">sn 86081930 </subfield></datafield><datafield ind1=" " ind2=" " tag="040"><subfield code="a">NPH</subfield><subfield code="b">eng</subfield><subfield code="c">NPH</subfield><subfield code="d">OCLCQ</subfield></datafield><datafield ind1=" " ind2=" " tag="042"><subfield code="a">msc</subfield></datafield><datafield ind1="0" ind2="0" tag="245"><subfield code="a">Journal and American.</subfield></datafield><datafield ind1="1" ind2="7" tag="246"><subfield code="a">Huntingdon journal and American</subfield></datafield><datafield ind1=" " ind2=" " tag="260"><subfield code="a">Huntingdon, Pa. :</subfield><subfield code="b">J.A. Nash &amp; Co.,</subfield><subfield code="c">-1870.</subfield></datafield><datafield ind1=" " ind2=" " tag="300"><subfield code="a">v.</subfield></datafield><datafield ind1=" " ind2=" " tag="310"><subfield code="a">Weekly</subfield></datafield><datafield ind1="1" ind2=" " tag="362"><subfield code="a">Began with Dec. 19, 1866 issue?</subfield></datafield><datafield ind1="0" ind2=" " tag="362"><subfield code="a">-n.s. v. 11, no. 45 (Dec. 7, 1870).</subfield></datafield><datafield ind1=" " ind2=" " tag="500"><subfield code="a">Published every Wednesday.</subfield></datafield><datafield ind1=" " ind2=" " tag="515"><subfield code="a">Issues for &lt;Jan. 2, 1867&gt;-Dec. 7, 1870 called also &lt;old ser. v. 35&gt;.</subfield></datafield><datafield ind1=" " ind2=" " tag="588"><subfield code="a">Description based on: New ser. v. 8, no. 2 (Jan. 2, 1867).</subfield></datafield><datafield ind1=" " ind2=" " tag="752"><subfield code="a">United States</subfield><subfield code="b">Pennsylvania</subfield><subfield code="c">Huntingdon</subfield><subfield code="d">Huntingdon.</subfield></datafield><datafield ind1="0" ind2="0" tag="780"><subfield code="t">Huntingdon journal and American</subfield><subfield code="w">(DLC)sn 86053559</subfield></datafield><datafield ind1="0" ind2="7" tag="785"><subfield code="t">Huntingdon County Republican</subfield><subfield code="w">(DLC)sn 86071458</subfield></datafield><datafield ind1="0" ind2="7" tag="785"><subfield code="t">Huntingdon journal (Huntingdon, Pa. : 1871)</subfield><subfield code="w">(DLC)sn 83032115</subfield></datafield></record>